
        <record>
            <header>
                <identifier>oai:aleph-nkp.cz:SKC01-001529678</identifier>
                <datestamp>2014-12-29T22:17:02Z</datestamp>
                <setSpec>SKC</setSpec>
            </header>
            <metadata>
                <marc:record xmlns:marc="http://www.loc.gov/MARC21/slim" xmlns:xsi="http://www.w3.org/2001/XMLSchema-instance" xsi:schemaLocation="http://www.loc.gov/MARC21/slim
http://www.loc.gov/standards/marcxml/schema/MARC21slim.xsd">
                    <marc:leader>nam a22 1 4500</marc:leader>
                    <marc:controlfield tag="001">rgk05000227</marc:controlfield>
                    <marc:controlfield tag="003">CZ PrSKC</marc:controlfield>
                    <marc:controlfield tag="008">001029s1953 bu e bul</marc:controlfield>
                    <marc:datafield tag="040" ind1=" " ind2=" ">
                        <marc:subfield code="a">ABA004</marc:subfield>
                        <marc:subfield code="b">cze</marc:subfield>
                        <marc:subfield code="c">ABA004</marc:subfield>
                        <marc:subfield code="d">ABA004</marc:subfield>
                    </marc:datafield>
                    <marc:datafield tag="245" ind1="0" ind2="0">
                        <marc:subfield code="6">880-01</marc:subfield>
                        <marc:subfield code="a">10 godini Otečestven front :</marc:subfield>
                        <marc:subfield code="b">1942-1952</marc:subfield>
                    </marc:datafield>
                    <marc:datafield tag="260" ind1=" " ind2=" ">
                        <marc:subfield code="6">880-02</marc:subfield>
                        <marc:subfield code="a">Sofija :</marc:subfield>
                        <marc:subfield code="b">Nacionalen săvet na Otečestvenija front,</marc:subfield>
                        <marc:subfield code="c">1953</marc:subfield>
                    </marc:datafield>
                    <marc:datafield tag="300" ind1=" " ind2=" ">
                        <marc:subfield code="a">87 s.</marc:subfield>
                    </marc:datafield>
                    <marc:datafield tag="880" ind1="0" ind2="0">
                        <marc:subfield code="6">245-01/(N</marc:subfield>
                        <marc:subfield code="a">10 години Отечествен фронт :</marc:subfield>
                        <marc:subfield code="b">1942-1952</marc:subfield>
                    </marc:datafield>
                    <marc:datafield tag="880" ind1=" " ind2=" ">
                        <marc:subfield code="6">260-02/(N</marc:subfield>
                        <marc:subfield code="a">София :</marc:subfield>
                        <marc:subfield code="b">Национален съвет на Отечествения фронт,</marc:subfield>
                        <marc:subfield code="c">1953</marc:subfield>
                    </marc:datafield>
                    <marc:datafield tag="900" ind1=" " ind2=" ">
                        <marc:subfield code="a">ABA004</marc:subfield>
                        <marc:subfield code="b">8</marc:subfield>
                    </marc:datafield>
                    <marc:datafield tag="910" ind1=" " ind2=" ">
                        <marc:subfield code="a">ABA004</marc:subfield>
                        <marc:subfield code="x">rgk05000227</marc:subfield>
                        <marc:subfield code="b">Rd 045276</marc:subfield>
                        <marc:subfield code="w">l</marc:subfield>
                    </marc:datafield>
                    <marc:datafield tag="998" ind1=" " ind2=" ">
                        <marc:subfield code="a">http://aleph.nkp.cz/F/?func=direct&amp;doc_number=001529678&amp;local_base=SKC</marc:subfield>
                    </marc:datafield>
                </marc:record>
            </metadata>
        </record>