
        <record>
            <header>
                <identifier>oai:aleph-nkp.cz:SKC01-001529679</identifier>
                <datestamp>2014-12-29T22:17:02Z</datestamp>
                <setSpec>SKC</setSpec>
            </header>
            <metadata>
                <marc:record xmlns:marc="http://www.loc.gov/MARC21/slim" xmlns:xsi="http://www.w3.org/2001/XMLSchema-instance" xsi:schemaLocation="http://www.loc.gov/MARC21/slim
http://www.loc.gov/standards/marcxml/schema/MARC21slim.xsd">
                    <marc:leader>nam a22 1 4500</marc:leader>
                    <marc:controlfield tag="001">rgk05000228</marc:controlfield>
                    <marc:controlfield tag="003">CZ PrSKC</marc:controlfield>
                    <marc:controlfield tag="008">001029s1954 bu e bul</marc:controlfield>
                    <marc:datafield tag="040" ind1=" " ind2=" ">
                        <marc:subfield code="a">ABA004</marc:subfield>
                        <marc:subfield code="b">cze</marc:subfield>
                        <marc:subfield code="c">ABA004</marc:subfield>
                        <marc:subfield code="d">ABA004</marc:subfield>
                    </marc:datafield>
                    <marc:datafield tag="245" ind1="0" ind2="0">
                        <marc:subfield code="6">880-01</marc:subfield>
                        <marc:subfield code="a">Deset godini poezija :</marc:subfield>
                        <marc:subfield code="b">1944-1954 /</marc:subfield>
                        <marc:subfield code="c">Podbor i red. Mladen Isaev, Valeri Petrov</marc:subfield>
                    </marc:datafield>
                    <marc:datafield tag="260" ind1=" " ind2=" ">
                        <marc:subfield code="6">880-02</marc:subfield>
                        <marc:subfield code="a">Sofija :</marc:subfield>
                        <marc:subfield code="b">Bălgarski pisatel,</marc:subfield>
                        <marc:subfield code="c">1954</marc:subfield>
                    </marc:datafield>
                    <marc:datafield tag="300" ind1=" " ind2=" ">
                        <marc:subfield code="a">468 s.</marc:subfield>
                    </marc:datafield>
                    <marc:datafield tag="700" ind1="1" ind2=" ">
                        <marc:subfield code="a">Isaev, Mladen,</marc:subfield>
                        <marc:subfield code="d">1907-1991</marc:subfield>
                        <marc:subfield code="7">jo2007376807</marc:subfield>
                        <marc:subfield code="4">com</marc:subfield>
                    </marc:datafield>
                    <marc:datafield tag="880" ind1="0" ind2="0">
                        <marc:subfield code="6">245-01/(N</marc:subfield>
                        <marc:subfield code="a">Десет години поезия :</marc:subfield>
                        <marc:subfield code="b">1944-1954 /</marc:subfield>
                        <marc:subfield code="c">Подбор и ред. Младен Исаев, Валери Петров</marc:subfield>
                    </marc:datafield>
                    <marc:datafield tag="880" ind1=" " ind2=" ">
                        <marc:subfield code="6">260-02/(N</marc:subfield>
                        <marc:subfield code="a">София :</marc:subfield>
                        <marc:subfield code="b">Български писател,</marc:subfield>
                        <marc:subfield code="c">1954</marc:subfield>
                    </marc:datafield>
                    <marc:datafield tag="900" ind1=" " ind2=" ">
                        <marc:subfield code="a">ABA004</marc:subfield>
                        <marc:subfield code="b">10</marc:subfield>
                    </marc:datafield>
                    <marc:datafield tag="910" ind1=" " ind2=" ">
                        <marc:subfield code="a">ABA004</marc:subfield>
                        <marc:subfield code="x">rgk05000228</marc:subfield>
                        <marc:subfield code="b">Rd 048686</marc:subfield>
                        <marc:subfield code="w">l</marc:subfield>
                    </marc:datafield>
                    <marc:datafield tag="998" ind1=" " ind2=" ">
                        <marc:subfield code="a">http://aleph.nkp.cz/F/?func=direct&amp;doc_number=001529679&amp;local_base=SKC</marc:subfield>
                    </marc:datafield>
                </marc:record>
            </metadata>
        </record>