
        <record>
            <header>
                <identifier>oai:aleph-nkp.cz:SKC01-001249849</identifier>
                <datestamp>2014-12-29T22:17:02Z</datestamp>
                <setSpec>SKC</setSpec>
            </header>
            <metadata>
                <marc:record xmlns:marc="http://www.loc.gov/MARC21/slim" xmlns:xsi="http://www.w3.org/2001/XMLSchema-instance" xsi:schemaLocation="http://www.loc.gov/MARC21/slim
http://www.loc.gov/standards/marcxml/schema/MARC21slim.xsd">
                    <marc:leader>nam a22 a 4500</marc:leader>
                    <marc:controlfield tag="001">vkol000083423</marc:controlfield>
                    <marc:controlfield tag="003">CZ PrSKC</marc:controlfield>
                    <marc:controlfield tag="008">970723m19949999xr f cze</marc:controlfield>
                    <marc:datafield tag="020" ind1=" " ind2=" ">
                        <marc:subfield code="a">80-210-1577-2</marc:subfield>
                        <marc:subfield code="q">(brož) :</marc:subfield>
                        <marc:subfield code="c">56.00</marc:subfield>
                    </marc:datafield>
                    <marc:datafield tag="040" ind1=" " ind2=" ">
                        <marc:subfield code="a">OLA001</marc:subfield>
                        <marc:subfield code="b">cze</marc:subfield>
                    </marc:datafield>
                    <marc:datafield tag="080" ind1=" " ind2=" ">
                        <marc:subfield code="a">004</marc:subfield>
                    </marc:datafield>
                    <marc:datafield tag="080" ind1=" " ind2=" ">
                        <marc:subfield code="a">378.4(437.2)</marc:subfield>
                    </marc:datafield>
                    <marc:datafield tag="110" ind1="2" ind2=" ">
                        <marc:subfield code="a">Masarykova univerzita.</marc:subfield>
                        <marc:subfield code="b">Fakulta informatiky</marc:subfield>
                        <marc:subfield code="7">kn20010709274</marc:subfield>
                        <marc:subfield code="4">aut</marc:subfield>
                    </marc:datafield>
                    <marc:datafield tag="245" ind1="1" ind2="0">
                        <marc:subfield code="a">Seznam přednášek Fakulty informatiky ve školním roce.</marc:subfield>
                        <marc:subfield code="n">1997-1998</marc:subfield>
                    </marc:datafield>
                    <marc:datafield tag="250" ind1=" " ind2=" ">
                        <marc:subfield code="a">Vyd. 1.</marc:subfield>
                    </marc:datafield>
                    <marc:datafield tag="260" ind1=" " ind2=" ">
                        <marc:subfield code="a">Brno :</marc:subfield>
                        <marc:subfield code="b">Masarykova univerzita,</marc:subfield>
                        <marc:subfield code="c">1997</marc:subfield>
                    </marc:datafield>
                    <marc:datafield tag="300" ind1=" " ind2=" ">
                        <marc:subfield code="a">219 s.</marc:subfield>
                    </marc:datafield>
                    <marc:datafield tag="610" ind1="2" ind2="7">
                        <marc:subfield code="a">Masarykova univerzita.</marc:subfield>
                        <marc:subfield code="b">Fakulta informatiky</marc:subfield>
                        <marc:subfield code="7">kn20010709274</marc:subfield>
                        <marc:subfield code="2">czenas</marc:subfield>
                    </marc:datafield>
                    <marc:datafield tag="653" ind1="0" ind2=" ">
                        <marc:subfield code="a">vysokoškolské studium</marc:subfield>
                    </marc:datafield>
                    <marc:datafield tag="655" ind1=" " ind2="7">
                        <marc:subfield code="a">studijní programy</marc:subfield>
                        <marc:subfield code="7">fd520458</marc:subfield>
                        <marc:subfield code="2">czenas</marc:subfield>
                    </marc:datafield>
                    <marc:datafield tag="900" ind1=" " ind2=" ">
                        <marc:subfield code="a">OLA001</marc:subfield>
                        <marc:subfield code="b">14</marc:subfield>
                    </marc:datafield>
                    <marc:datafield tag="910" ind1=" " ind2=" ">
                        <marc:subfield code="a">OSA001</marc:subfield>
                        <marc:subfield code="x">2640027016</marc:subfield>
                        <marc:subfield code="b">G 240.067</marc:subfield>
                        <marc:subfield code="w">l</marc:subfield>
                    </marc:datafield>
                    <marc:datafield tag="964" ind1=" " ind2=" ">
                        <marc:subfield code="a">Informatika</marc:subfield>
                    </marc:datafield>
                    <marc:datafield tag="964" ind1=" " ind2=" ">
                        <marc:subfield code="a">Univerzity</marc:subfield>
                    </marc:datafield>
                    <marc:datafield tag="998" ind1=" " ind2=" ">
                        <marc:subfield code="a">http://aleph.nkp.cz/F/?func=direct&amp;doc_number=001249849&amp;local_base=SKC</marc:subfield>
                    </marc:datafield>
                </marc:record>
            </metadata>
        </record>