
        <record>
            <header>
                <identifier>oai:aleph-nkp.cz:SKC01-001249851</identifier>
                <datestamp>2014-12-29T22:17:02Z</datestamp>
                <setSpec>SKC</setSpec>
            </header>
            <metadata>
                <marc:record xmlns:marc="http://www.loc.gov/MARC21/slim" xmlns:xsi="http://www.w3.org/2001/XMLSchema-instance" xsi:schemaLocation="http://www.loc.gov/MARC21/slim
http://www.loc.gov/standards/marcxml/schema/MARC21slim.xsd">
                    <marc:leader>nam a22 a 4500</marc:leader>
                    <marc:controlfield tag="001">2640024150</marc:controlfield>
                    <marc:controlfield tag="003">CZ PrSKC</marc:controlfield>
                    <marc:controlfield tag="008">970423s1996 xr | | eng</marc:controlfield>
                    <marc:datafield tag="015" ind1=" " ind2=" ">
                        <marc:subfield code="a">cnb000296624</marc:subfield>
                    </marc:datafield>
                    <marc:datafield tag="020" ind1=" " ind2=" ">
                        <marc:subfield code="a">80-7189-056-1</marc:subfield>
                    </marc:datafield>
                    <marc:datafield tag="040" ind1=" " ind2=" ">
                        <marc:subfield code="a">OSA001</marc:subfield>
                        <marc:subfield code="b">cze</marc:subfield>
                    </marc:datafield>
                    <marc:datafield tag="080" ind1=" " ind2=" ">
                        <marc:subfield code="a">794</marc:subfield>
                        <marc:subfield code="2">MRF-sel</marc:subfield>
                    </marc:datafield>
                    <marc:datafield tag="110" ind1="2" ind2=" ">
                        <marc:subfield code="a">Moravský šach (Olomouc, Česko)</marc:subfield>
                    </marc:datafield>
                    <marc:datafield tag="245" ind1="1" ind2="0">
                        <marc:subfield code="a">[Sicilian def. :</marc:subfield>
                        <marc:subfield code="b">B70 I]</marc:subfield>
                    </marc:datafield>
                    <marc:datafield tag="260" ind1=" " ind2=" ">
                        <marc:subfield code="a">Olomouc :</marc:subfield>
                        <marc:subfield code="b">Publishing House Moravian Chess,</marc:subfield>
                        <marc:subfield code="c">1996</marc:subfield>
                    </marc:datafield>
                    <marc:datafield tag="300" ind1=" " ind2=" ">
                        <marc:subfield code="a">60 s. :</marc:subfield>
                        <marc:subfield code="b">obr.</marc:subfield>
                    </marc:datafield>
                    <marc:datafield tag="490" ind1="1" ind2=" ">
                        <marc:subfield code="a">Game encyclopaedia of chess openings ;</marc:subfield>
                        <marc:subfield code="v">[vol.] 30/(38)</marc:subfield>
                    </marc:datafield>
                    <marc:datafield tag="500" ind1=" " ind2=" ">
                        <marc:subfield code="a">Název převz. z obálky.</marc:subfield>
                    </marc:datafield>
                    <marc:datafield tag="653" ind1="0" ind2=" ">
                        <marc:subfield code="a">šachové obrany</marc:subfield>
                    </marc:datafield>
                    <marc:datafield tag="830" ind1=" " ind2="0">
                        <marc:subfield code="a">Game encyclopaedia of chess openings</marc:subfield>
                    </marc:datafield>
                    <marc:datafield tag="900" ind1=" " ind2=" ">
                        <marc:subfield code="a">OSA001</marc:subfield>
                        <marc:subfield code="b">13</marc:subfield>
                    </marc:datafield>
                    <marc:datafield tag="910" ind1=" " ind2=" ">
                        <marc:subfield code="a">OLA001</marc:subfield>
                        <marc:subfield code="x">vkol000081972</marc:subfield>
                        <marc:subfield code="b">783.609</marc:subfield>
                        <marc:subfield code="w">l</marc:subfield>
                    </marc:datafield>
                    <marc:datafield tag="964" ind1=" " ind2=" ">
                        <marc:subfield code="a">Šachy - partie - příručky</marc:subfield>
                    </marc:datafield>
                    <marc:datafield tag="998" ind1=" " ind2=" ">
                        <marc:subfield code="a">http://aleph.nkp.cz/F/?func=direct&amp;doc_number=001249851&amp;local_base=SKC</marc:subfield>
                    </marc:datafield>
                </marc:record>
            </metadata>
        </record>