
        <record>
            <header>
                <identifier>oai:aleph-nkp.cz:SKC01-001298731</identifier>
                <datestamp>2014-12-29T22:17:02Z</datestamp>
                <setSpec>SKC</setSpec>
            </header>
            <metadata>
                <marc:record xmlns:marc="http://www.loc.gov/MARC21/slim" xmlns:xsi="http://www.w3.org/2001/XMLSchema-instance" xsi:schemaLocation="http://www.loc.gov/MARC21/slim
http://www.loc.gov/standards/marcxml/schema/MARC21slim.xsd">
                    <marc:leader>nam a22 a 4500</marc:leader>
                    <marc:controlfield tag="001">vkol000469415</marc:controlfield>
                    <marc:controlfield tag="003">CZ PrSKC</marc:controlfield>
                    <marc:controlfield tag="008">001026s1997 gw f ger</marc:controlfield>
                    <marc:datafield tag="020" ind1=" " ind2=" ">
                        <marc:subfield code="q">(Brož.)</marc:subfield>
                    </marc:datafield>
                    <marc:datafield tag="040" ind1=" " ind2=" ">
                        <marc:subfield code="a">OLA001</marc:subfield>
                        <marc:subfield code="b">cze</marc:subfield>
                    </marc:datafield>
                    <marc:datafield tag="080" ind1=" " ind2=" ">
                        <marc:subfield code="a">327(438)</marc:subfield>
                    </marc:datafield>
                    <marc:datafield tag="080" ind1=" " ind2=" ">
                        <marc:subfield code="a">327(474.5)</marc:subfield>
                    </marc:datafield>
                    <marc:datafield tag="100" ind1="1" ind2=" ">
                        <marc:subfield code="a">Ryssel, Gregor,</marc:subfield>
                        <marc:subfield code="d">1967-</marc:subfield>
                        <marc:subfield code="4">aut</marc:subfield>
                    </marc:datafield>
                    <marc:datafield tag="245" ind1="1" ind2="0">
                        <marc:subfield code="a">Innenpolitische Demokratisierungsprozesse und grenzüberschreitende Vernetzungen der Bevölkerungen als Motor einer zukünftigen Stabilisierung und Intensivierung der polnisch-litauischen Beziehungen /</marc:subfield>
                        <marc:subfield code="c">Gregor Ryssel</marc:subfield>
                    </marc:datafield>
                    <marc:datafield tag="260" ind1=" " ind2=" ">
                        <marc:subfield code="c">1997</marc:subfield>
                    </marc:datafield>
                    <marc:datafield tag="300" ind1=" " ind2=" ">
                        <marc:subfield code="a">ix, 576 s., tb. příl. :</marc:subfield>
                        <marc:subfield code="b">il., tab.</marc:subfield>
                    </marc:datafield>
                    <marc:datafield tag="502" ind1=" " ind2=" ">
                        <marc:subfield code="a">Dissertation--Philosophische Fakultät der Rheinischen Friedrich-Wilhelms-Universität zu Bonn, 1997</marc:subfield>
                    </marc:datafield>
                    <marc:datafield tag="504" ind1=" " ind2=" ">
                        <marc:subfield code="a">Bibliografie na s. 543-575</marc:subfield>
                    </marc:datafield>
                    <marc:datafield tag="655" ind1=" " ind2="7">
                        <marc:subfield code="a">disertace</marc:subfield>
                        <marc:subfield code="7">fd132024</marc:subfield>
                        <marc:subfield code="2">czenas</marc:subfield>
                    </marc:datafield>
                    <marc:datafield tag="710" ind1="2" ind2=" ">
                        <marc:subfield code="a">Rheinische Friedrich-Wilhelms-Universität.</marc:subfield>
                        <marc:subfield code="b">Philosophische Fakultät (Bonn, Německo)</marc:subfield>
                        <marc:subfield code="4">pbl</marc:subfield>
                    </marc:datafield>
                    <marc:datafield tag="900" ind1=" " ind2=" ">
                        <marc:subfield code="a">OLA001</marc:subfield>
                        <marc:subfield code="b">12</marc:subfield>
                    </marc:datafield>
                    <marc:datafield tag="910" ind1=" " ind2=" ">
                        <marc:subfield code="a">BOA001</marc:subfield>
                        <marc:subfield code="x">000244683</marc:subfield>
                        <marc:subfield code="b">M2-1038.460</marc:subfield>
                        <marc:subfield code="w">l</marc:subfield>
                    </marc:datafield>
                    <marc:datafield tag="910" ind1=" " ind2=" ">
                        <marc:subfield code="a">OLA001</marc:subfield>
                        <marc:subfield code="x">vkol000469415</marc:subfield>
                        <marc:subfield code="b">799.165</marc:subfield>
                        <marc:subfield code="w">l</marc:subfield>
                    </marc:datafield>
                    <marc:datafield tag="998" ind1=" " ind2=" ">
                        <marc:subfield code="a">http://aleph.nkp.cz/F/?func=direct&amp;doc_number=001298731&amp;local_base=SKC</marc:subfield>
                    </marc:datafield>
                </marc:record>
            </metadata>
        </record>