
        <record>
            <header>
                <identifier>oai:aleph-nkp.cz:SKC01-001298736</identifier>
                <datestamp>2014-12-29T22:17:02Z</datestamp>
                <setSpec>SKC</setSpec>
            </header>
            <metadata>
                <marc:record xmlns:marc="http://www.loc.gov/MARC21/slim" xmlns:xsi="http://www.w3.org/2001/XMLSchema-instance" xsi:schemaLocation="http://www.loc.gov/MARC21/slim
http://www.loc.gov/standards/marcxml/schema/MARC21slim.xsd">
                    <marc:leader>nam a22 a 4500</marc:leader>
                    <marc:controlfield tag="001">vkol000469424</marc:controlfield>
                    <marc:controlfield tag="003">CZ PrSKC</marc:controlfield>
                    <marc:controlfield tag="008">001002s1959 fi f ger</marc:controlfield>
                    <marc:datafield tag="040" ind1=" " ind2=" ">
                        <marc:subfield code="a">OLA001</marc:subfield>
                        <marc:subfield code="b">cze</marc:subfield>
                    </marc:datafield>
                    <marc:datafield tag="100" ind1="1" ind2=" ">
                        <marc:subfield code="a">Tuurala, Osmo</marc:subfield>
                    </marc:datafield>
                    <marc:datafield tag="245" ind1="1" ind2="0">
                        <marc:subfield code="a">Über den Einfluss von Natrium-Chlorid-und Wasserbelastung auf das Blutbild des Frosches (Rana temporaria L.)</marc:subfield>
                    </marc:datafield>
                    <marc:datafield tag="260" ind1=" " ind2=" ">
                        <marc:subfield code="a">Helsinki,</marc:subfield>
                        <marc:subfield code="c">1959</marc:subfield>
                    </marc:datafield>
                    <marc:datafield tag="300" ind1=" " ind2=" ">
                        <marc:subfield code="a">1 sv.</marc:subfield>
                    </marc:datafield>
                    <marc:datafield tag="900" ind1=" " ind2=" ">
                        <marc:subfield code="a">OLA001</marc:subfield>
                        <marc:subfield code="b">10</marc:subfield>
                    </marc:datafield>
                    <marc:datafield tag="910" ind1=" " ind2=" ">
                        <marc:subfield code="a">OLA001</marc:subfield>
                        <marc:subfield code="x">vkol000469424</marc:subfield>
                        <marc:subfield code="b">391.288</marc:subfield>
                        <marc:subfield code="w">l</marc:subfield>
                    </marc:datafield>
                    <marc:datafield tag="998" ind1=" " ind2=" ">
                        <marc:subfield code="a">http://aleph.nkp.cz/F/?func=direct&amp;doc_number=001298736&amp;local_base=SKC</marc:subfield>
                    </marc:datafield>
                </marc:record>
            </metadata>
        </record>