
        <record>
            <header>
                <identifier>oai:aleph-nkp.cz:SKC01-001298715</identifier>
                <datestamp>2014-12-29T22:17:02Z</datestamp>
                <setSpec>SKC</setSpec>
            </header>
            <metadata>
                <marc:record xmlns:marc="http://www.loc.gov/MARC21/slim" xmlns:xsi="http://www.w3.org/2001/XMLSchema-instance" xsi:schemaLocation="http://www.loc.gov/MARC21/slim
http://www.loc.gov/standards/marcxml/schema/MARC21slim.xsd">
                    <marc:leader>nam a22 a 4500</marc:leader>
                    <marc:controlfield tag="001">vkol000469377</marc:controlfield>
                    <marc:controlfield tag="003">CZ PrSKC</marc:controlfield>
                    <marc:controlfield tag="008">001122s2000 xr f cze</marc:controlfield>
                    <marc:datafield tag="020" ind1=" " ind2=" ">
                        <marc:subfield code="q">(Brož.)</marc:subfield>
                    </marc:datafield>
                    <marc:datafield tag="040" ind1=" " ind2=" ">
                        <marc:subfield code="a">OLA001</marc:subfield>
                        <marc:subfield code="b">cze</marc:subfield>
                    </marc:datafield>
                    <marc:datafield tag="080" ind1=" " ind2=" ">
                        <marc:subfield code="a">061.7(437.2)</marc:subfield>
                    </marc:datafield>
                    <marc:datafield tag="080" ind1=" " ind2=" ">
                        <marc:subfield code="a">39(437.2)</marc:subfield>
                    </marc:datafield>
                    <marc:datafield tag="111" ind1="2" ind2=" ">
                        <marc:subfield code="a">Lidový rok 2000.</marc:subfield>
                        <marc:subfield code="b">Národní přehlídka vesnických folklorních souborů a skupin</marc:subfield>
                        <marc:subfield code="n">(11. :</marc:subfield>
                        <marc:subfield code="d">2000 :</marc:subfield>
                        <marc:subfield code="c">Velká Bystřice, Česko)</marc:subfield>
                        <marc:subfield code="4">aut</marc:subfield>
                    </marc:datafield>
                    <marc:datafield tag="245" ind1="1" ind2="0">
                        <marc:subfield code="a">Lidový rok 2000 :</marc:subfield>
                        <marc:subfield code="b">XI. národní přehlídka vesnických folklorních souborů a skupin : program : Velká Bystřice - Zámecké náměstí, 16.-17.9.2000 /</marc:subfield>
                        <marc:subfield code="c">[redakce Helena Lisická, Milan Ludvík]</marc:subfield>
                    </marc:datafield>
                    <marc:datafield tag="260" ind1=" " ind2=" ">
                        <marc:subfield code="a">[Velká Bystřice :</marc:subfield>
                        <marc:subfield code="b">Městský úřad],</marc:subfield>
                        <marc:subfield code="c">2000</marc:subfield>
                    </marc:datafield>
                    <marc:datafield tag="300" ind1=" " ind2=" ">
                        <marc:subfield code="a">Nestr. :</marc:subfield>
                        <marc:subfield code="b">il.</marc:subfield>
                    </marc:datafield>
                    <marc:datafield tag="611" ind1="2" ind2="4">
                        <marc:subfield code="a">Lidový rok 2000</marc:subfield>
                        <marc:subfield code="c">(Velká Bystřice, Česko)</marc:subfield>
                        <marc:subfield code="x">programy</marc:subfield>
                    </marc:datafield>
                    <marc:datafield tag="653" ind1="0" ind2=" ">
                        <marc:subfield code="a">folklorní soubory</marc:subfield>
                    </marc:datafield>
                    <marc:datafield tag="655" ind1=" " ind2="7">
                        <marc:subfield code="a">programy</marc:subfield>
                        <marc:subfield code="7">fd133135</marc:subfield>
                        <marc:subfield code="2">czenas</marc:subfield>
                    </marc:datafield>
                    <marc:datafield tag="700" ind1="1" ind2=" ">
                        <marc:subfield code="a">Lisická, Helena,</marc:subfield>
                        <marc:subfield code="d">1930-2009</marc:subfield>
                        <marc:subfield code="7">jk01072235</marc:subfield>
                        <marc:subfield code="4">edt</marc:subfield>
                    </marc:datafield>
                    <marc:datafield tag="700" ind1="1" ind2=" ">
                        <marc:subfield code="a">Ludvík, Milan</marc:subfield>
                        <marc:subfield code="4">edt</marc:subfield>
                    </marc:datafield>
                    <marc:datafield tag="900" ind1=" " ind2=" ">
                        <marc:subfield code="a">OLA001</marc:subfield>
                        <marc:subfield code="b">14</marc:subfield>
                    </marc:datafield>
                    <marc:datafield tag="910" ind1=" " ind2=" ">
                        <marc:subfield code="a">OLA001</marc:subfield>
                        <marc:subfield code="x">vkol000469377</marc:subfield>
                        <marc:subfield code="b">799.152</marc:subfield>
                        <marc:subfield code="w">l</marc:subfield>
                    </marc:datafield>
                    <marc:datafield tag="998" ind1=" " ind2=" ">
                        <marc:subfield code="a">http://aleph.nkp.cz/F/?func=direct&amp;doc_number=001298715&amp;local_base=SKC</marc:subfield>
                    </marc:datafield>
                </marc:record>
            </metadata>
        </record>