
        <record>
            <header>
                <identifier>oai:aleph-nkp.cz:SKC01-001603116</identifier>
                <datestamp>2014-12-29T22:17:02Z</datestamp>
                <setSpec>SKC</setSpec>
            </header>
            <metadata>
                <marc:record xmlns:marc="http://www.loc.gov/MARC21/slim" xmlns:xsi="http://www.w3.org/2001/XMLSchema-instance" xsi:schemaLocation="http://www.loc.gov/MARC21/slim
http://www.loc.gov/standards/marcxml/schema/MARC21slim.xsd">
                    <marc:leader>nam a22 a 4500</marc:leader>
                    <marc:controlfield tag="001">000644838</marc:controlfield>
                    <marc:controlfield tag="003">CZ PrSKC</marc:controlfield>
                    <marc:controlfield tag="008">030109s1910 xr f ger</marc:controlfield>
                    <marc:datafield tag="040" ind1=" " ind2=" ">
                        <marc:subfield code="b">cze</marc:subfield>
                        <marc:subfield code="c">BOA001</marc:subfield>
                    </marc:datafield>
                    <marc:datafield tag="100" ind1="1" ind2=" ">
                        <marc:subfield code="a">Spisar, Karel,</marc:subfield>
                        <marc:subfield code="d">1879-1932</marc:subfield>
                        <marc:subfield code="7">jk01120697</marc:subfield>
                        <marc:subfield code="4">aut</marc:subfield>
                    </marc:datafield>
                    <marc:datafield tag="245" ind1="1" ind2="0">
                        <marc:subfield code="a">Beiträge zur Physiologie der Cuscuta Gronovii Willd /</marc:subfield>
                        <marc:subfield code="c">Karel Spisar</marc:subfield>
                    </marc:datafield>
                    <marc:datafield tag="260" ind1=" " ind2=" ">
                        <marc:subfield code="a">Prag :</marc:subfield>
                        <marc:subfield code="b">Akademie der Wissen,</marc:subfield>
                        <marc:subfield code="c">1910</marc:subfield>
                    </marc:datafield>
                    <marc:datafield tag="300" ind1=" " ind2=" ">
                        <marc:subfield code="a">46 s.</marc:subfield>
                    </marc:datafield>
                    <marc:datafield tag="500" ind1=" " ind2=" ">
                        <marc:subfield code="a">Separát z: Bulletin international de ľ Académie des Sciences de Boheme, 15</marc:subfield>
                    </marc:datafield>
                    <marc:datafield tag="504" ind1=" " ind2=" ">
                        <marc:subfield code="a">Bibliografie na s. 45-46</marc:subfield>
                    </marc:datafield>
                    <marc:datafield tag="900" ind1=" " ind2=" ">
                        <marc:subfield code="a">BOA001</marc:subfield>
                        <marc:subfield code="b">6</marc:subfield>
                    </marc:datafield>
                    <marc:datafield tag="910" ind1=" " ind2=" ">
                        <marc:subfield code="a">BOA001</marc:subfield>
                        <marc:subfield code="x">000644838</marc:subfield>
                        <marc:subfield code="b">X2-0414.248</marc:subfield>
                        <marc:subfield code="w">l</marc:subfield>
                    </marc:datafield>
                    <marc:datafield tag="998" ind1=" " ind2=" ">
                        <marc:subfield code="a">http://aleph.nkp.cz/F/?func=direct&amp;doc_number=001603116&amp;local_base=SKC</marc:subfield>
                    </marc:datafield>
                </marc:record>
            </metadata>
        </record>