
        <record>
            <header>
                <identifier>oai:aleph-nkp.cz:SKC01-001603117</identifier>
                <datestamp>2014-12-29T22:17:02Z</datestamp>
                <setSpec>SKC</setSpec>
            </header>
            <metadata>
                <marc:record xmlns:marc="http://www.loc.gov/MARC21/slim" xmlns:xsi="http://www.w3.org/2001/XMLSchema-instance" xsi:schemaLocation="http://www.loc.gov/MARC21/slim
http://www.loc.gov/standards/marcxml/schema/MARC21slim.xsd">
                    <marc:leader>nam a22 a 4500</marc:leader>
                    <marc:controlfield tag="001">000644839</marc:controlfield>
                    <marc:controlfield tag="003">CZ PrSKC</marc:controlfield>
                    <marc:controlfield tag="008">030109s1944 xr f ger</marc:controlfield>
                    <marc:datafield tag="040" ind1=" " ind2=" ">
                        <marc:subfield code="b">cze</marc:subfield>
                        <marc:subfield code="c">BOA001</marc:subfield>
                    </marc:datafield>
                    <marc:datafield tag="100" ind1="1" ind2=" ">
                        <marc:subfield code="a">Stifter, Adalbert,</marc:subfield>
                        <marc:subfield code="d">1805-1868</marc:subfield>
                        <marc:subfield code="7">jn19990009997</marc:subfield>
                        <marc:subfield code="4">aut</marc:subfield>
                    </marc:datafield>
                    <marc:datafield tag="245" ind1="1" ind2="0">
                        <marc:subfield code="a">Wirkungen eines weißen Mantels ;</marc:subfield>
                        <marc:subfield code="b">&lt;&lt;Der &gt;&gt;arme Wohltäter ; &lt;&lt;Der &gt;&gt;Pförtner im Herrenhause /</marc:subfield>
                        <marc:subfield code="c">von Adalbert Stifter ; nach den Urfassungen herausgegeben von Max Stefl</marc:subfield>
                    </marc:datafield>
                    <marc:datafield tag="260" ind1=" " ind2=" ">
                        <marc:subfield code="a">Karlsbad :</marc:subfield>
                        <marc:subfield code="b">Adam Kraft,</marc:subfield>
                        <marc:subfield code="c">1944</marc:subfield>
                    </marc:datafield>
                    <marc:datafield tag="300" ind1=" " ind2=" ">
                        <marc:subfield code="a">130 s.</marc:subfield>
                    </marc:datafield>
                    <marc:datafield tag="700" ind1="1" ind2=" ">
                        <marc:subfield code="a">Stefl, Max</marc:subfield>
                        <marc:subfield code="4">edt</marc:subfield>
                    </marc:datafield>
                    <marc:datafield tag="740" ind1="0" ind2="9">
                        <marc:subfield code="a">&lt;&lt;Der &gt;&gt;arme Wohltäter</marc:subfield>
                    </marc:datafield>
                    <marc:datafield tag="740" ind1="0" ind2="9">
                        <marc:subfield code="a">&lt;&lt;Der &gt;&gt;Pförtner im Herrenhause</marc:subfield>
                    </marc:datafield>
                    <marc:datafield tag="900" ind1=" " ind2=" ">
                        <marc:subfield code="a">BOA001</marc:subfield>
                        <marc:subfield code="b">7</marc:subfield>
                    </marc:datafield>
                    <marc:datafield tag="910" ind1=" " ind2=" ">
                        <marc:subfield code="a">BOA001</marc:subfield>
                        <marc:subfield code="x">000644839</marc:subfield>
                        <marc:subfield code="b">1-0214.492</marc:subfield>
                        <marc:subfield code="w">l</marc:subfield>
                    </marc:datafield>
                    <marc:datafield tag="998" ind1=" " ind2=" ">
                        <marc:subfield code="a">http://aleph.nkp.cz/F/?func=direct&amp;doc_number=001603117&amp;local_base=SKC</marc:subfield>
                    </marc:datafield>
                </marc:record>
            </metadata>
        </record>