
        <record>
            <header>
                <identifier>oai:aleph-nkp.cz:SKC01-001391032</identifier>
                <datestamp>2014-12-29T22:17:02Z</datestamp>
                <setSpec>SKC</setSpec>
            </header>
            <metadata>
                <marc:record xmlns:marc="http://www.loc.gov/MARC21/slim" xmlns:xsi="http://www.w3.org/2001/XMLSchema-instance" xsi:schemaLocation="http://www.loc.gov/MARC21/slim
http://www.loc.gov/standards/marcxml/schema/MARC21slim.xsd">
                    <marc:leader>nam a22 a 4500</marc:leader>
                    <marc:controlfield tag="001">000553963</marc:controlfield>
                    <marc:controlfield tag="003">CZ PrSKC</marc:controlfield>
                    <marc:controlfield tag="008">000115s2001 xxu | eng</marc:controlfield>
                    <marc:datafield tag="020" ind1=" " ind2=" ">
                        <marc:subfield code="a">0-566-08384-1</marc:subfield>
                    </marc:datafield>
                    <marc:datafield tag="040" ind1=" " ind2=" ">
                        <marc:subfield code="a">BOA001</marc:subfield>
                        <marc:subfield code="b">cze</marc:subfield>
                    </marc:datafield>
                    <marc:datafield tag="080" ind1=" " ind2=" ">
                        <marc:subfield code="a">615.21</marc:subfield>
                    </marc:datafield>
                    <marc:datafield tag="080" ind1=" " ind2=" ">
                        <marc:subfield code="a">616.839</marc:subfield>
                    </marc:datafield>
                    <marc:datafield tag="245" ind1="0" ind2="0">
                        <marc:subfield code="a">Ashgate handbook of autonomic nervous system agents :</marc:subfield>
                        <marc:subfield code="b">[an international guide to 2000 drugs in current use] /</marc:subfield>
                        <marc:subfield code="c">edited by G.W.A. Milne.</marc:subfield>
                    </marc:datafield>
                    <marc:datafield tag="246" ind1="3" ind2="3">
                        <marc:subfield code="a">Autonomic nervous system agents</marc:subfield>
                    </marc:datafield>
                    <marc:datafield tag="260" ind1=" " ind2=" ">
                        <marc:subfield code="a">Burlington ;</marc:subfield>
                        <marc:subfield code="a">Ashgate,</marc:subfield>
                        <marc:subfield code="c">c2001</marc:subfield>
                    </marc:datafield>
                    <marc:datafield tag="300" ind1=" " ind2=" ">
                        <marc:subfield code="a">xx, 478 s. ;</marc:subfield>
                        <marc:subfield code="c">24 cm</marc:subfield>
                    </marc:datafield>
                    <marc:datafield tag="653" ind1="0" ind2=" ">
                        <marc:subfield code="a">autonomní nervová soustava</marc:subfield>
                        <marc:subfield code="a">léky</marc:subfield>
                    </marc:datafield>
                    <marc:datafield tag="700" ind1="1" ind2=" ">
                        <marc:subfield code="a">Milne, G. W. A.</marc:subfield>
                        <marc:subfield code="q">(George William Anthony),</marc:subfield>
                        <marc:subfield code="d">1937-</marc:subfield>
                    </marc:datafield>
                    <marc:datafield tag="900" ind1=" " ind2=" ">
                        <marc:subfield code="a">BOA001</marc:subfield>
                        <marc:subfield code="b">13</marc:subfield>
                    </marc:datafield>
                    <marc:datafield tag="910" ind1=" " ind2=" ">
                        <marc:subfield code="a">BOA001</marc:subfield>
                        <marc:subfield code="x">000553963</marc:subfield>
                        <marc:subfield code="b">2-1083.341</marc:subfield>
                        <marc:subfield code="w">l</marc:subfield>
                    </marc:datafield>
                    <marc:datafield tag="928" ind1=" " ind2=" ">
                        <marc:subfield code="a">Ashgate</marc:subfield>
                    </marc:datafield>
                    <marc:datafield tag="964" ind1=" " ind2=" ">
                        <marc:subfield code="a">Léky</marc:subfield>
                        <marc:subfield code="x">soustava nervová autonomní</marc:subfield>
                        <marc:subfield code="x">příručky</marc:subfield>
                        <marc:subfield code="9">PH</marc:subfield>
                    </marc:datafield>
                    <marc:datafield tag="964" ind1=" " ind2=" ">
                        <marc:subfield code="a">Soustava nervová autonomní</marc:subfield>
                        <marc:subfield code="x">léky</marc:subfield>
                        <marc:subfield code="x">příručky</marc:subfield>
                        <marc:subfield code="9">PH</marc:subfield>
                    </marc:datafield>
                    <marc:datafield tag="998" ind1=" " ind2=" ">
                        <marc:subfield code="a">http://aleph.nkp.cz/F/?func=direct&amp;doc_number=001391032&amp;local_base=SKC</marc:subfield>
                    </marc:datafield>
                </marc:record>
            </metadata>
        </record>
        <resumptionToken>201412292217024999999999999999SKC:SKCM</resumptionToken>
    </ListRecords>
</OAI-PMH>
